@article{scalability2013,
	  title={On scalability of software-defined networking},
	    author={Yeganeh, Soheil Hassas and Tootoonchian, Amin and Ganjali, Yashar},
		  journal={Communications Magazine, IEEE},
		    volume={51},
			  number={2},
			    pages={136--141},
				  year={2013},
				    publisher={IEEE}
}


@book{gamma1994design,
	  title={Design patterns: elements of reusable object-oriented software},
	    author={Gamma, Erich and Helm, Richard and Johnson, Ralph and Vlissides, John},
		  year={1994},
		    publisher={Pearson Education}
}

@inproceedings{first2013,
	  title={First demonstration of software defined networking (SDN) over space division multiplexing (SDM) optical networks},
	    author={Amaya, Norberto and Yan, S and Channegowda, Mayur and Rofoee, BR and Shu, Y and Rashidi, Mehdi and Ou, Y and Zervas, Geogios and Nejabati, Reza and Simeonidou, Dimitra and others},
		  booktitle={European Conference and Exhibition on Optical Communication (ECOC2013), PDP, London, UK},
		    year={2013}
}
@manual{of14,
	title={OpenFlow Switch Specifications v.1.4.0},
	organization={The Open Networking Foundation},
	year={2013}
}

@article{openflow08,
	  title={OpenFlow: enabling innovation in campus networks},
	    author={McKeown, Nick and Anderson, Tom and Balakrishnan, Hari and Parulkar, Guru and Peterson, Larry and Rexford, Jennifer and Shenker, Scott and Turner, Jonathan},
		  journal={ACM SIGCOMM Computer Communication Review},
		    volume={38},
			  number={2},
			    pages={69--74},
				  year={2008},
				    publisher={ACM}
}

@article{pyretic,
	  title={Modular SDN Programming with Pyretic},
	    author={Reich, Joshua and Monsanto, Christopher and Foster, Nate and Rexford, Jennifer and Walker, David}
}



@inproceedings{naas,
	  title={NaaS: Network-as-a-Service in the Cloud},
	    author={Costa, Paolo and Migliavacca, Matteo and Pietzuch, Peter and Wolf, Alexander L},
		  booktitle={Proceedings of the 2nd USENIX conference on Hot Topics in Management of Internet, Cloud, and Enterprise Networks and Services, Hot-ICE},
		    volume={12},
			  pages={1--1},
			    year={2012}
}



@article{vn,
	  title={Network virtualization: state of the art and research challenges},
	    author={Chowdhury, NM Mosharaf Kabir and Boutaba, Raouf},
		  journal={Communications Magazine, IEEE},
		    volume={47},
			  number={7},
			    pages={20--26},
				  year={2009},
				    publisher={IEEE}
}


@inproceedings{maple,
	  title={Maple: Simplifying SDN programming using algorithmic policies},
	    author={Voellmy, Andreas and Wang, Junchang and Yang, Y Richard and Ford, Bryan and Hudak, Paul},
		  booktitle={Proceedings of the ACM SIGCOMM 2013 conference on SIGCOMM},
		    pages={87--98},
			  year={2013},
			    organization={ACM}
}

@inproceedings{opennaas,
  title={Virtual CPE: Enhancing CPE's deployment and operations through virtualization},
  author={Minoves, Pau and Frendved, Ole and Peng, Bo and Mackarel, Andrew and Wilson, Dave},
  booktitle={Cloud Computing Technology and Science (CloudCom), 2012 IEEE 4th International Conference on},
  pages={687--692},
  year={2012},
  organization={IEEE}
}

@article{frenetic,
 title={Frenetic: A network programming language},
 author={Foster, Nate and Harrison, Rob and Freedman, Michael J and Monsanto, Christopher and Rexford, Jennifer and Story, Alec and Walker, David},
 journal={ACM SIGPLAN Notices},
 volume={46},
 number={9},
 pages={279--291},
 year={2011},
 publisher={ACM}
}

@misc{mantychore,
   title = {Mantychore Project},
   howpublished = {\url{http://www.mantychore.eu/}}
}
